@book{power_system_analysis,
  author = {Hadi Saadat},
  editor = {Mary K. Coman},
  publisher = {McGraw-Hill Higher Education},
  title = {Power System Analysis},
  edition= {2},
  year = {2002},
  ISBN={0-07-284796-4}
}

@unpublished{venios,
  author = {{Venios GmbH}},
  title  = {Internal Documents and Conversations},
  year   = 2025
}

@Article{en13123290,
AUTHOR = {Meinecke, Steffen and Sarajlić, Džanan and Drauz, Simon Ruben and Klettke, Annika and Lauven, Lars-Peter and Rehtanz, Christian and Moser, Albert and Braun, Martin},
TITLE = {SimBench—A Benchmark Dataset of Electric Power Systems to Compare Innovative Solutions Based on Power Flow Analysis},
JOURNAL = {Energies},
VOLUME = {13},
YEAR = {2020},
NUMBER = {12},
ARTICLE-NUMBER = {3290},
URL = {https://www.mdpi.com/1996-1073/13/12/3290},
ISSN = {1996-1073},
DOI = {10.3390/en13123290}
}



